<?xml version="1.0" encoding="UTF-8"?><collection xmlns="http://www.loc.gov/MARC21/slim"><record><leader>00577nam--2200193-i-4500</leader><controlfield tag="001">000009363</controlfield><controlfield tag="002">20161230</controlfield><controlfield tag="005">20161230201028</controlfield><controlfield tag="008">060222s1000------------r-----000-0-eng-d</controlfield><datafield ind1=" " ind2=" " tag="020"><subfield code="a">471156272</subfield></datafield><datafield ind1=" " ind2=" " tag="040"><subfield code="a">IFIN-HH</subfield></datafield><datafield ind1=" " ind2=" " tag="080"><subfield code="a">535.33</subfield></datafield><datafield ind1="1" ind2=" " tag="100"><subfield code="a">Christian, Gary D</subfield></datafield><datafield ind1="1" ind2="0" tag="245"><subfield code="a">Atomic absorption spectroscopy</subfield><subfield code="b">Applications in agriculture, biology, and medicine</subfield><subfield code="c">Gary d. christian; frederic j. feldman</subfield></datafield><datafield ind1=" " ind2=" " tag="260"><subfield code="a">TORONTO</subfield><subfield code="b">Wiley-interscience</subfield><subfield code="c">1970</subfield></datafield><datafield ind1=" " ind2=" " tag="300"><subfield code="a">XIX + 490 P</subfield></datafield><datafield ind1="1" ind2=" " tag="700"><subfield code="a">Feldman, Frederic J</subfield></datafield><datafield ind1=" " ind2=" " tag="852"><subfield code="a">33172</subfield><subfield code="c">535.33</subfield></datafield><datafield ind1=" " ind2=" " tag="CAT"><subfield code="a">Sys</subfield><subfield code="c">20101203</subfield><subfield code="h">122410</subfield></datafield></record></collection>